01,BNY123,XYZ123,190429,1150,5,,,2/
02,,ABC123,1,190429,1150,USD,1/
03,30,USD,500,,Z/
16,016,21000,S,0,1,2,ZYX123,XYZ321/
88,WELCOME/
88,WELCOME/
16,016,21000,S,0,1,2,ZYX123,XYZ321/
88,WELCOME/
88,WELCOME/
16,016,21000,S,0,1,2,ZYX123,XYZ321/
88,WELCOME/
88,WELCOME/
49,500,11/
03,60,USD,1000,,Z/
16,016,21000,S,0,1,2,ZYX123,XYZ321/
88,WELCOME/
88,WELCOME/
16,016,21000,S,0,1,2,ZYX123,XYZ321/
88,WELCOME/
88,WELCOME/
16,016,21000,S,0,1,2,ZYX123,XYZ321/
88,WELCOME/
88,WELCOME/
49,1500,20/
03,90,USD,1500,,Z/
88,WELCOME/
88,WELCOME/
16,016,21000,S,0,1,2,ZYX123,XYZ321/
88,WELCOME/
88,WELCOME/
16,016,21000,S,0,1,2,ZYX123,XYZ321/
88,WELCOME/
88,WELCOME/
16,016,21000,S,0,1,2,ZYX123,XYZ321/
88,WELCOME/
88,WELCOME/
49,3000,29/
03,120,USD,2000,,Z/
88,WELCOME/
88,WELCOME/
16,016,21000,S,0,1,2,ZYX123,XYZ321/
88,WELCOME/
88,WELCOME/
16,016,21000,S,0,1,2,ZYX123,XYZ321/
88,WELCOME/
88,WELCOME/
16,016,21000,S,0,1,2,ZYX123,XYZ321/
88,WELCOME/
88,WELCOME/
49,5000,38/
03,150,USD,2500,,Z/
88,WELCOME/
88,WELCOME/
16,016,21000,S,0,1,2,ZYX123,XYZ321/
88,WELCOME/
88,WELCOME/
16,016,21000,S,0,1,2,ZYX123,XYZ321/
88,WELCOME/
88,WELCOME/
16,016,21000,S,0,1,2,ZYX123,XYZ321/
88,WELCOME/
88,WELCOME/
49,7500,47/
98,17500,5,147/
99,17500,1,3/